@misc{mle-wikipedia,
  title = {Maximum Likelihood Methode},
  howpublished = {\url{https://de.wikipedia.org/wiki/Maximum-Likelihood-Methode}},
  note = {Accessed: 02.05.2019}
}

@misc{mle-tds,
  title = {Probability concepts explained maximum likelihood estimation},
  howpublished = {\url{https://towardsdatascience.com/probability-concepts-explained-maximum-likelihood-estimation-c7b4342fdbb1}},
  note = {Accessed: 02.05.2019}
}

@misc{bce-tds,
  title = {Understanding binary cross entropy log loss a visual explanation},
  howpublished = {\url{https://towardsdatascience.com/understanding-binary-cross-entropy-log-loss-a-visual-explanation-a3ac6025181a}},
  note = {Accessed: 02.05.2019}
}

@misc{goodfellow2016nips,
    title={NIPS 2016 Tutorial: Generative Adversarial Networks},
    author={Ian Goodfellow},
    year={2016},
    eprint={1701.00160},
    archivePrefix={arXiv},
    primaryClass={cs.LG}
}