@misc{mle-wikipedia,
  title = {Maximum Likelihood Methode},
  howpublished = {\url{https://de.wikipedia.org/wiki/Maximum-Likelihood-Methode}},
  note = {Accessed: 02.05.2019}
}

@misc{mle-tds,
  title = {Probability concepts explained maximum likelihood estimation},
  howpublished = {\url{https://towardsdatascience.com/probability-concepts-explained-maximum-likelihood-estimation-c7b4342fdbb1}},
  note = {Accessed: 02.05.2019}
}

@misc{bce-tds,
  title = {Understanding binary cross entropy log loss a visual explanation},
  howpublished = {\url{https://towardsdatascience.com/understanding-binary-cross-entropy-log-loss-a-visual-explanation-a3ac6025181a}},
  note = {Accessed: 02.05.2019}
}

@misc{demys-tds,
  title = {Demystifying cross entropy},
  howpublished = {\url{https://towardsdatascience.com/demystifying-cross-entropy-e80e3ad54a8}},
  note = {Accessed: 02.05.2019}
}

@misc{gansexpl-tds,
  title = {Generative adversarial networks explained},
  howpublished = {\url{https://towardsdatascience.com/generative-adversarial-networks-explained-34472718707a}},
  note = {Accessed: 02.05.2019}
}

@misc{residual-net,
  title = {Residual Net},
  howpublished = {\url{https://wiseodd.github.io/techblog/2016/10/13/residual-net/}},
  note = {Accessed: 24.05.2019}
}

@misc{padding,
  title = {Image padding},
  howpublished = {\url{http://www-cs.engr.ccny.cuny.edu/~wolberg/cs470/hw/hw2_pad.txt}},
  note = {Accessed: 24.05.2019}
}


@misc{goodfellow2016nips,
    title={NIPS 2016 Tutorial: Generative Adversarial Networks},
    author={Ian Goodfellow},
    year={2016},
    eprint={1701.00160},
    archivePrefix={arXiv},
    primaryClass={cs.LG}
}

@inproceedings{goodfellow2014generative,
  title={Generative adversarial nets},
  author={Goodfellow, Ian and Pouget-Abadie, Jean and Mirza, Mehdi and Xu, Bing and Warde-Farley, David and Ozair, Sherjil and Courville, Aaron and Bengio, Yoshua},
  booktitle={Advances in neural information processing systems},
  pages={2672--2680},
  year={2014}
}




@misc{rl-openai,
  title = {Introduction to RL},
  howpublished = {\url{https://spinningup.openai.com/en/latest/spinningup/rl_intro.html}},
}
