@article{DBLP:journals/corr/JohnsonAL16,
  author    = {Justin Johnson and
               Alexandre Alahi and
               Fei{-}Fei Li},
  title     = {Perceptual Losses for Real-Time Style Transfer and Super-Resolution},
  journal   = {CoRR},
  volume    = {abs/1603.08155},
  year      = {2016},
  url       = {http://arxiv.org/abs/1603.08155},
  archivePrefix = {arXiv},
  eprint    = {1603.08155},
  timestamp = {Mon, 13 Aug 2018 16:47:09 +0200},
  biburl    = {https://dblp.org/rec/bib/journals/corr/JohnsonAL16},
  bibsource = {dblp computer science bibliography, https://dblp.org}
}

@article{DBLP:journals/corr/LiW16b,
  author    = {Chuan Li and
               Michael Wand},
  title     = {Precomputed Real-Time Texture Synthesis with Markovian Generative
               Adversarial Networks},
  journal   = {CoRR},
  volume    = {abs/1604.04382},
  year      = {2016},
  url       = {http://arxiv.org/abs/1604.04382},
  archivePrefix = {arXiv},
  eprint    = {1604.04382},
  timestamp = {Fri, 29 Mar 2019 15:30:14 +0100},
  biburl    = {https://dblp.org/rec/bib/journals/corr/LiW16b},
  bibsource = {dblp computer science bibliography, https://dblp.org}
}

@article{DBLP:journals/corr/MaoLXLW16,
  author    = {Xudong Mao and
               Qing Li and
               Haoran Xie and
               Raymond Y. K. Lau and
               Zhen Wang},
  title     = {Multi-class Generative Adversarial Networks with the {L2} Loss Function},
  journal   = {CoRR},
  volume    = {abs/1611.04076},
  year      = {2016},
  url       = {http://arxiv.org/abs/1611.04076},
  archivePrefix = {arXiv},
  eprint    = {1611.04076},
  timestamp = {Mon, 13 Aug 2018 16:47:47 +0200},
  biburl    = {https://dblp.org/rec/bib/journals/corr/MaoLXLW16},
  bibsource = {dblp computer science bibliography, https://dblp.org}
}

@article{DBLP:journals/corr/ShrivastavaPTSW16,
  author    = {Ashish Shrivastava and
               Tomas Pfister and
               Oncel Tuzel and
               Josh Susskind and
               Wenda Wang and
               Russell Webb},
  title     = {Learning from Simulated and Unsupervised Images through Adversarial
               Training},
  journal   = {CoRR},
  volume    = {abs/1612.07828},
  year      = {2016},
  url       = {http://arxiv.org/abs/1612.07828},
  archivePrefix = {arXiv},
  eprint    = {1612.07828},
  timestamp = {Mon, 13 Aug 2018 16:48:07 +0200},
  biburl    = {https://dblp.org/rec/bib/journals/corr/ShrivastavaPTSW16},
  bibsource = {dblp computer science bibliography, https://dblp.org}
}